<?xml version="1.0" encoding="UTF-8"?><record xmlns="http://www.loc.gov/MARC21/slim" xmlns:cinclude="http://apache.org/cocoon/include/1.0" xmlns:zs="http://www.loc.gov/zing/srw/">
  <leader>00393nz  a2200121n  4500</leader>
  <controlfield tag="001">n  87146813 </controlfield>
  <controlfield tag="003">DLC</controlfield>
  <controlfield tag="005">19871130102611.0</controlfield>
  <controlfield tag="008">871130n| acannaab|          |n aad |||  </controlfield>
  <datafield tag="010" ind1=" " ind2=" ">
    <subfield code="a">n  87146813 </subfield>
  </datafield>
  <datafield tag="040" ind1=" " ind2=" ">
    <subfield code="a">DLC</subfield>
    <subfield code="c">DLC</subfield>
  </datafield>
  <datafield tag="100" ind1="1" ind2="0">
    <subfield code="a">Lamberti, Georg,</subfield>
    <subfield code="d">1951-</subfield>
  </datafield>
  <datafield tag="670" ind1=" " ind2=" ">
    <subfield code="a">nuc87-123589: His Untersuchungen zum Aktivierungs- und ... 1979</subfield>
    <subfield code="b">(hdg. on CU-M rept.: Lamberti, Georg, 1951- ; usage: Georg Lamberti)</subfield>
  </datafield>
</record>